<?xml version="1.0" encoding="UTF-8"?><collection xmlns="http://www.loc.gov/MARC21/slim"><record><leader>00305nam--2200121-i-4500</leader><controlfield tag="001">000026956</controlfield><controlfield tag="002">20161230</controlfield><controlfield tag="005">20161230201036</controlfield><controlfield tag="008">060222s1000------------r-----000-0-eng-d</controlfield><datafield ind1=" " ind2=" " tag="100"><subfield code="a">Kolodziejczyk, L</subfield></datafield><datafield ind1=" " ind2=" " tag="245"><subfield code="a">On the radio signal sent out vertically to the ground</subfield></datafield><datafield ind1=" " ind2=" " tag="260"><subfield code="a">Lodz, 1948. 22p</subfield></datafield><datafield ind1=" " ind2=" " tag="852"><subfield code="a">2195</subfield></datafield></record></collection>